<?xml version="1.0" encoding="UTF-8"?><collection xmlns="http://www.loc.gov/MARC21/slim"><record><leader>00484nam--2200133-i-4500</leader><controlfield tag="001">000027028</controlfield><controlfield tag="002">20161230</controlfield><controlfield tag="005">20161230201036</controlfield><controlfield tag="008">060222s1000------------r-----000-0-eng-d</controlfield><datafield ind1=" " ind2=" " tag="080"><subfield code="a">535.338.3</subfield></datafield><datafield ind1=" " ind2=" " tag="100"><subfield code="a">Klynning, Lennart</subfield></datafield><datafield ind1=" " ind2=" " tag="245"><subfield code="a">Spectroscopic studies of some ch type molecules. quantitative test of mathematical models for diatomic molecules appliced to the hydrides and deuterides of si, ge and sn</subfield></datafield><datafield ind1=" " ind2=" " tag="260"><subfield code="a">Uppsala, Almqvist &amp; Wiksells Boktryckeri, 1966, 7p</subfield></datafield><datafield ind1=" " ind2=" " tag="852"><subfield code="a">34135</subfield></datafield></record></collection>